<record><leader>00000cas a22000007a 4500</leader><controlfield tag="001">20850085</controlfield><controlfield tag="008">900105d19761980mduwr ne      0    0eng d</controlfield><datafield ind1=" " ind2=" " tag="010"><subfield code="a">sn 90057008 </subfield></datafield><datafield ind1=" " ind2=" " tag="040"><subfield code="a">MFN</subfield><subfield code="b">eng</subfield><subfield code="c">MFN</subfield><subfield code="d">OCLCQ</subfield></datafield><datafield ind1=" " ind2=" " tag="042"><subfield code="a">msc</subfield></datafield><datafield ind1="0" ind2=" " tag="130"><subfield code="a">Journal (Denton, Md.)</subfield></datafield><datafield ind1="1" ind2="0" tag="245"><subfield code="a">Journal.</subfield></datafield><datafield ind1=" " ind2=" " tag="260"><subfield code="a">Denton, Md. :</subfield><subfield code="b">D.D. &amp; W.</subfield></datafield><datafield ind1=" " ind2=" " tag="300"><subfield code="a">v.</subfield></datafield><datafield ind1=" " ind2=" " tag="310"><subfield code="a">Weekly</subfield></datafield><datafield ind1="0" ind2=" " tag="362"><subfield code="a">Vol. 1, no. 6 (Feb. 25, 1976)-v. 5, no. 31 (July 30, 1980).</subfield></datafield><datafield ind1=" " ind2=" " tag="752"><subfield code="a">United States</subfield><subfield code="b">Maryland</subfield><subfield code="c">Caroline</subfield><subfield code="d">Denton.</subfield></datafield><datafield ind1="0" ind2="0" tag="780"><subfield code="t">Caroline County journal</subfield><subfield code="w">(DLC)sn 90057009</subfield></datafield></record>